@article{Zhao2015,
author = {Zhao, Dan and Li, X. Y.},
doi = {10.1016/j.paerosci.2014.12.003},
journal = {Progress in Aerospace Sciences},
pages = {114--130},
title = {{A review of acoustic dampers applied to combustion chambers in aerospace industry}},
volume = {74},
year = {2015}
}

@article{Zhao2018,
author = {Zhao, Dan and Lu, Zhengli and Zhao, He and Li, X. Y. and Wang, Bing and Liu, Peijin},
doi = {10.1016/j.paerosci.2018.01.002},
journal = {Progress in Aerospace Sciences},
pages = {35--60},
title = {{A review of active control approaches in stabilizing combustion systems in aerospace industry}},
volume = {97},
year = {2018}
}

@article{Sutton2003,
author = {Sutton, George P.},
doi = {10.2514/2.6942},
journal = {Journal of Propulsion and Power},
number = {6},
pages = {978--1007},
title = {{History of liquid propellant rocket engines in the United States}},
volume = {19},
year = {2003}
}

@book{Lieuwen2005,
booktitle = {Progress in Astronautics and Eeronautics},
editor = {Lieuwen, Timothy C and Yang, Vigor},
isbn = {156347669X},
publisher = {American Institute of Aeronautic and Astronautics},
title = {{Combustion instabilities in gas turbine engines: operational experience, fundamental mechanisms and modeling}},
volume = {210},
year = {2005}
}

